
@Book{BCMNP03,
  title =	 "The Description Logic Handbook",
  editor =	 "Franz Baader and Diego Calvanese and Deborah
                  McGuinness and Daniele Nardi and Peter
                  Patel-Schneider",
  publisher =	 "{Cambridge University Press}",
  year =	 "2003",
  isbn =	 "0521781760",
}

@Article{Barendregt_Cohen:2001,
  author =	 {Arjeh Cohen and Henk Barendregt},
  title =	 {{E}lectronic {C}ommunication of {M}athematics,
                  interacting {C}omputer {A}lgebra {S}ystems and
                  {P}roof {A}ssistants},
  journal =	 {Journal of Symbolic Computation},
  year =	 2001
}

@incollection{Bibel:93,
  AUTHOR =	 {W. Bibel and E. Eder},
  TITLE =	 {Methods and Calculi for Deduction},
  YEAR =	 1993,
  BOOKTITLE =	 {Handbook of Logic in Artificial Intelligence and
                  Logic Programming - Vol 1: Logical
                  Foundations. Oxford, Clarendon Press},
  EDITOR =	 {D. M. Gabbay and C. J. Hogger and J. A. Robinson},
  PAGES =	 {67-182},
  KEYWORDS =	 {}
}

@Misc{COMPUSCI,
  title =	 "{Computer Science Database}",
  howpublished =
                  {\url{http://www.zblmath.fiz-karlsruhe.de/COMP/quick.html}}
}

@Book{DL,
  title =	 "The Description Logic Handbook --- Theory,
                  Implementation and Applications",
  year =	 "2003",
  editor =	 "Franz Baader and Diego Calvanese and Deborah
                  McGuinness and Daniele Nardi and Peter
                  Patel-Schneider",
  publisher =	 "Cambridge University Press",
  offline =	 "ISBN: 0521781760",
}

@InProceedings{Dewar1989,
  title =	 "{IRENA - An Integrated Symbolic and Numeric
                  Computation Environment}",
  author =	 {Dewar,M.C.},
  editor =	 {G.H. Gonnet},
  booktitle =	 {Proceedings ISSAC 1989},
  year =	 {1989},
  pages =	 {171-179},
  keywords =	 {REDUCE NUMER NAG}
}

@InProceedings{DupeeDavenport1996b,
  title =	 "{An Intelligent Interface to Numerical Routines}",
  author =	 {Dup\'ee,B.J. and Davenport,J.H.},
  editor =	 {J.~Calmet and J.~Limoncelli},
  booktitle =	 {Proceedings DISCO '96 (Springer Lecture Notes in
                  Computer Science 1128)},
  year =	 {1996},
  pages =	 {252-262},
  keywords =	 {CA NUM AI}
}

@Misc{ERAM,
  title =	 "{Electronic Research Archive for Mathematics
                  (ERAM)}",
  howpublished = {\url{http://www.emis.de/projects/JFM/}}
}

@article{GAMS,
  author =	 {R.F.~Boisvert and S.E.~Howe and D.K.~Kahaner},
  title =	 {GAMS: A Framework for the Management of Scientific
                  Software},
  journal =	 {ACM Transactions on Mathematical Software},
  volume =	 11,
  number =	 4,
  month =	 {December},
  year =	 1985,
  pages =	 {313--355},
}

@Book{GKW02,
  title =	 "Computer Algebra Handbook",
  editor =	 "Grabmeier, J. and Kaltofen, E. and Weispfenning, V.",
  publisher =	 "{Springer Verlag}",
  year =	 "2002",
  isbn =	 "3-540-65466-6",
}

@BOOK{IDA,
  title =	 {Algebra Interactive},
  author =	 {Arjeh Cohen and Hans Cuypers and Hans Sterk},
  year =	 1999,
  publisher =	 {Springer-Verlag},
}

@Misc{JWSDP,
  title =	 {Java Web Service Developer Pack},
  howpublished =
                  {\url{http://java.sun.com/webservices/webservicespack.html}}
}

@Misc{MATHSCINET,
  title =	 {{M}ath{S}ci{N}et, {M}athematical {R}eviews on the
                  {W}eb},
  howpublished = {\url{http://www.ams.org/mathscinet}}
}

@InCollection{Minsky-75,
  title =	 "{A framework for representing knowledge}",
  author =	 {Marvin Minsky},
  editor =	 {P.~Winston},
  booktitle =	 {The Psychology of Computer Vision},
  year =	 {1975},
  pages =	 {211--277},
  publisher =	 {McGraw-Hill},
  address =	 {New York},
}

@Misc{OMDOC1.2,
  author =	 "{Michael Kohlhase}",
  title =	 "{OMDoc: An Open Markup Format for Mathematical
                  Documents (Version 1.2)}",
  howpublished = "{Available from
                  \url{http://www.mathweb.org/omdoc/omdoc1.2.ps}}",
}

@Misc{OWLAPI,
  author =	 "{Sean Bechhofer}",
  title =	 {{OWL API} {P}roject},
  howpublished = {\url{http://sourceforge.net/projects/owlapi}}
}



@Misc{ZBLATT,
  title =	 {Zentralblatt MATH},
  howpublished = {\url{http://www.emis.de/ZMATH/}}
}

@InProceedings{caprotti-et-al:2004,
  author =	 {Olga Caprotti and Michael Dewar and James Davenport
                  and Julian Padget},
  title =	 {{Mathematics on the (Semantic) Net}},
  booktitle =	 {Proceedings of the European Symposium on the
                  Semantic Web},
  pages =	 {213--224},
  year =	 2004,
  editor =	 {Christoph Bussler and John Davies and Dieter Fensel
                  and Rudi Studer},
  volume =	 3053,
  series =	 {LNCS},
  publisher =	 {Springer Verlag},
  note =	 {May 2004}
}

@TechReport{daml+oil,
  editor =	 {Ian Horrocks and Frank van Harmelen and Peter
                  Patel-Schneider},
  author =	 "{Ian Horrocks et al}",
  title =	 "{DAML+OIL}",
  institution =	 "{Joint US/EU ad hoc Agent Markup Language
                  Committee}",
  year =	 2001,
  number =	 "REC-xslt-19991116",
  month =	 {March},
  note =	 "{Available from
                  \url{http://www.daml.org/2001/03/daml+oil-index.html}}",
}

@InProceedings{dig,
  AUTHOR =	 {Sean Bechhofer},
  TITLE =	 {The {DIG} Description Logic Interface: {DIG}/1.1},
  BOOKTITLE =	 {Proceedings of the 2003 Description Logic Workshop
                  (DL 2003)},
  year =	 2003,
  url =		 {http://dl-web.man.ac.uk/dig/}
}

@misc{ebxmlrs,
  Author =	 {ebXML},
  Title =	 {OASIS/ebXML Registry Services Specification v2.0},
  Publisher =	 {OASIS and UN/CEFACT},
  Volume =	 {2002},
  Number =	 {2002-04-11},
  Year =	 {2001}
}

@Misc{iStore,
  author =	 {Turi, D.},
  title =	 {Instance {S}tore {P}roject},
  howpublished = {\url{http://instancestore.man.ac.uk}}
}

@Misc{iStorePaper,
  author =	 {Bechhofer, S. and Horrocks, I. and Turi, D.},
  title =	 {Instance Store - Database Support for Reasoning over
                  Individuals},
  howpublished =
                  {\url{http://instancestore.man.ac.uk/instancestore.pdf}},
  year =	 2002
}

@TechReport{mathbroker,
  author =	 {Rebhi Baraka and Olga Caprotti and Wolfgang
                  Schreiner},
  title =	 {{P}ublishing and {D}iscovering {M}athematical
                  {S}ervice {D}escriptions: {A} {W}eb {R}egistry
                  {A}pproach},
  institution =	 {RISC-Linz Technical Report},
  year =	 2004
}

@TechReport{monet:d04,
  author =	 {Olga Caprotti and Mike Dewar},
  title =	 {The {M}athematical {P}roblem {O}ntology: initial
                  draft},
  institution =	 {The MONET Consortium},
  year =	 2002,
  number =	 {Deliverable D05},
  month =	 {December},
  note =	 {Available from \url{http://monet.nag.co.uk}}
}

@TechReport{monet:d06,
  author =	 {The MONET Consortium},
  editor =	 {Stephen Buswell and Olga Caprotti and Mike Dewar},
  title =	 {{M}athematical {S}ervice {D}escription {L}anguage:
                  {I}nitial {D}raft},
  institution =	 {The MONET Consortium},
  year =	 2002,
  number =	 {Deliverable D06},
  month =	 {December},
  note =	 {Available from \url{http://monet.nag.co.uk}}
}

@TechReport{monet:d07,
  author =	 {James Davenport},
  title =	 {The {M}athematical {E}xplanation {O}ntology: draft},
  institution =	 {The MONET Consortium},
  year =	 2003,
  number =	 {Deliverable D07},
  month =	 {March},
  note =	 {Available from \url{http://monet.nag.co.uk}}
}

@TechReport{monet:d11,
  author =	 {Olga Caprotti and David Carlisle and Arjeh Cohen and
                  Mike Dewar},
  title =	 {The {M}athematical {P}roblem {O}ntology: final
                  version},
  institution =	 {The MONET Consortium},
  year =	 2003,
  number =	 {Deliverable D11},
  month =	 {March},
  note =	 {Available from \url{http://monet.nag.co.uk}}
}

@TechReport{monet:d13,
  author =	 {The MONET Consortium},
  editor =	 {Stephen Buswell and Phillip Lord},
  title =	 {{T}he {MONET} {M}athematical {Q}uery {O}ntology},
  institution =	 {The MONET Consortium},
  year =	 2003,
  number =	 {Deliverable D13},
  month =	 {March},
  note =	 {Available from \url{http://monet.nag.co.uk}}
}

@TechReport{monet:d14,
  author =	 {The MONET Consortium},
  editor =	 {Stephen Buswell and Olga Caprotti and Mike Dewar},
  title =	 {{M}athematical {S}ervice {D}escription {L}anguage:
                  Final Version},
  institution =	 {The MONET Consortium},
  year =	 2003,
  number =	 {Deliverable D14},
  month =	 {March},
  note =	 {Available from \url{http://monet.nag.co.uk}}
}

@TechReport{monet:overview,
  author =	 {The MONET Consortium},
  editor =	 {Stephen Buswell and Olga Caprotti and Mike Dewar},
  title =	 {{MONET} {A}rchitecture {O}verview},
  institution =	 {The MONET Consortium},
  year =	 2002,
  number =	 {Deliverable D04},
  month =	 {December},
  note =	 {Available from \url{http://monet.nag.co.uk}}
}

@Misc{openmath,
  author =	 "{The OpenMath Society}",
  editor =	 "{O.~Caprotti and D.P.~Carlisle and A.M.~Cohen}",
  title =	 "{The OpenMath Standard}",
  institution =	 "{The OpenMath Society}",
  year =	 2002,
  number =	 {1.1b},
  month =	 {October},
  note =	 {Available from
                  \url{http://www.openmath.org/standard/om11/omstd11.xml}}
}

@TechReport{owl,
  author =	 {Sean Bechhofer and Frank van Harmelen and Jim
                  Hendler and Ian Horrocks and Deborah L.~McGuinness
                  and Peter F.~Patel-Schneider and Lynn Andrea Stein},
  title =	 "{OWL Web Ontology Language Reference}",
  institution =	 "{The Worldwide Web Consortium}",
  year =	 2004,
  number =	 "REC-owl-ref-20040210",
  month =	 {February},
  note =	 "{Available from
                  \url{http://www.w3.org/TR/2004/REC-owl-ref-20040210/}}",
}

@TechReport{owl_abstract,
  author =	 {Sean Bechhofer and Peter F.~Patel-Schneider and
                  Daniele Turi},
  title =	 "{OWL Web Ontology Language Concrete Abstract
                  Syntax}",
  institution =	 "{The University of Manchester}",
  year =	 2003,
  month =	 {December},
  note =	 "{Available from
                  \url{http://owl.man.ac.uk/2003/concrete/latest/}}",
}

@Misc{poseidon,
  title =	 {MathBroker URL},
  howpublished = {\url{http://poseidon.risc.uni-linz.ac.at:8080}}
}

@article{protege,
  author =	 {N.F.~Noy and M.~Sintek and S.~Decker and M.~Crubezy
                  and R.W.~Fergerson and M.A.~Musen},
  title =	 {Creating Semantic Web Contents with Protege-2000},
  journal =	 {IEEE Intelligent Systems},
  volume =	 16,
  number =	 2,
  pages =	 {60--71},
  year =	 2001,
}

@inproceedings{racer,
  author =	 "Volker Haarslev and Ralf Moller",
  title =	 "Description of the {RACER} System and its
                  Applications",
  booktitle =	 "Automated reasoning: First International Joint
                  Conference, {IJCAR} 2001, Siena, Italy, June 18--23,
                  2001: proceedings",
  editor =	 "Rajeev Gore and Alexander Leitsch and Tobias Nipkow",
  volume =	 2083,
  publisher =	 "Springer-Verlag Inc.",
  address =	 "New York, NY, USA",
  series =	 "Lecture Notes in Artificial Intelligence",
  year =	 "2001"
}

@TechReport{rdfs,
  author =	 "{Frank Manola and Eric Miller}",
  title =	 "{RDF Primer}",
  institution =	 "{The Worldwide Web Consortium}",
  year =	 2004,
  number =	 "REC-rdf-primer-20040210",
  month =	 {February},
  note =	 "{Available from
                  \url{http://www.w3.org/TR/2004/REC-rdf-primer-20040210/}}",
}

@TechReport{wsdl,
  author =	 {R.~Chinnici and M.~Gudgin and J.-J. Moreau and
                  J.~Schlimmer and S.~Weerawarana},
  title =	 {"Web Services Description Language (WSDL) Version
                  2.0 Part 1: Core Language"},
  institution =	 {The WorldWide Web Consortium},
  year =	 2004,
  type =	 {W3C Working Draft},
  month =	 {26 March},
  note =	 {\url{http://www.w3.org/TR/wsdl20/}}
}

@TechReport{xslt,
  editor =	 {James Clark},
  title =	 "{XSL Transformations (XSLT) Version 1.0}",
  institution =	 "{The Worldwide Web Consortium}",
  key =		 "{The Worldwide Web Consortium}",
  year =	 1999,
  number =	 "REC-xslt-19991116",
  month =	 {November},
  note =	 "{Available from
                  \url{http://www.w3.org/TR/1999/REC-xslt-19991116}}",
}

@TechReport{MATHML2.0,
  editor ={David Carlisle and Patrick Ion and Robert Miner and Nico Poppelier},
  author = 	 { },
  title = 	 "{Mathematical Markup Language (MathML) Version 2.0 (Second Edition)}",
  institution =  "{The Worldwide Web Consortium}",
  year = 	 2003,
  number =	 {REC-MathML2-20031021},
  month =	 {21 October 2003},
  note =	 {Available from \url{http://www.w3.org/TR/MathML2/}}
}

